@preamble{ "\newcommand{\noopsort}[1]{} "
	# "\newcommand{\printfirst}[2]{#1} "
	# "\newcommand{\singleletter}[1]{#1} "
	# "\newcommand{\switchargs}[2]{#2#1} " }

%% Single boson production summary plot
@article{Gonzalez:1565034,
      author        = "Gonzalez, O.",
      title         = "{LHC Results Highlights (CLASHEP 2013)}",
      number        = "arXiv:1307.6992",
      pages         = "191-233. 43 p",
      month         = "Jul",
      year          = "2013",
      reportNumber  = "arXiv:1307.6992",
      url           = "http://cds.cern.ch/record/1565034",
      note          = "Comments: Lectures given at the 7th CERN-Latin-American
                       School of High-Energy Physics, Arequipa, Peru, March 2013.
                       Submitted for publication in a CERN Yellow Report",
}


%% qcd factorization
@article{Collins:1989gx,
      author         = "Collins, John C. and Soper, Davison E. and Sterman,
                        George F.",
      title          = "{Factorization of Hard Processes in QCD}",
      journal        = "Adv. Ser. Direct. High Energy Phys.",
      volume         = "5",
      year           = "1989",
      pages          = "1-91",
      doi            = "10.1142/9789814503266_0001",
      eprint         = "hep-ph/0409313",
      archivePrefix  = "arXiv",
      primaryClass   = "hep-ph",
      reportNumber   = "ITP-SB-89-31",
      SLACcitation   = "%%CITATION = HEP-PH/0409313;%%"
}

%% x niu z counting lumi
@phdthesis{xinmei,
    title    = {Z boson cross section measurements and neutral Higgs boson search in the di-muon channel with the CMS detector},
    school   = {Massachusetts Institute of Technology},
    author   = {Niu, Xinmei},
    year     = "2019"
}

%% neutrino flav
@article{ALEPH:2005ab,
      author         = "Schael, S. and others",
      title          = "{Precision electroweak measurements on the $Z$
                        resonance}",
      collaboration  = "ALEPH, DELPHI, L3, OPAL, SLD, LEP Electroweak Working
                        Group, SLD Electroweak Group, SLD Heavy Flavour Group",
      journal        = "Phys. Rept.",
      volume         = "427",
      year           = "2006",
      pages          = "257-454",
      doi            = "10.1016/j.physrep.2005.12.006",
      eprint         = "hep-ex/0509008",
      archivePrefix  = "arXiv",
      primaryClass   = "hep-ex",
      reportNumber   = "SLAC-R-774",
      SLACcitation   = "%%CITATION = HEP-EX/0509008;%%"
}

%% more DIS
@article{PhysRevLett.23.930,
  title = {High-Energy Inelastic $e\ensuremath{-}p$ Scattering at $6^\circ$ and $10^\circ$},
  author = {Bloom, E. D. and Coward, D. H. and DeStaebler, H. and Drees, J. and Miller, G. and Mo, L. W. and Taylor, R. E. and Breidenbach, M. and Friedman, J. I. and Hartmann, G. C. and Kendall, H. W.},
  journal = {Phys. Rev. Lett.},
  volume = {23},
  issue = {16},
  pages = {930--934},
  numpages = {0},
  year = {1969},
  month = {Oct},
  publisher = {American Physical Society},
  doi = {10.1103/PhysRevLett.23.930},
  url = {https://link.aps.org/doi/10.1103/PhysRevLett.23.930}
}

%% DIS
@article{PhysRevLett.23.935,
  title = {Observed Behavior of Highly Inelastic Electron-Proton Scattering},
  author = {Breidenbach, M. and Friedman, J. I. and Kendall, H. W. and Bloom, E. D. and Coward, D. H. and DeStaebler, H. and Drees, J. and Mo, L. W. and Taylor, R. E.},
  journal = {Phys. Rev. Lett.},
  volume = {23},
  issue = {16},
  pages = {935--939},
  numpages = {0},
  year = {1969},
  month = {Oct},
  publisher = {American Physical Society},
  doi = {10.1103/PhysRevLett.23.935},
  url = {https://link.aps.org/doi/10.1103/PhysRevLett.23.935}
}


%% Asymptotic Freedom - FW & Gross
@article{PhysRevLett.30.1343,
  title = {Ultraviolet Behavior of Non-Abelian Gauge Theories},
  author = {Gross, David J. and Wilczek, Frank},
  journal = {Phys. Rev. Lett.},
  volume = {30},
  issue = {26},
  pages = {1343--1346},
  numpages = {0},
  year = {1973},
  month = {Jun},
  publisher = {American Physical Society},
  doi = {10.1103/PhysRevLett.30.1343},
  url = {https://link.aps.org/doi/10.1103/PhysRevLett.30.1343}
}

%% Asymptotic Freedom - Politzer
@article{PhysRevLett.30.1346,
  title = {Reliable Perturbative Results for Strong Interactions?},
  author = {Politzer, H. David},
  journal = {Phys. Rev. Lett.},
  volume = {30},
  issue = {26},
  pages = {1346--1349},
  numpages = {0},
  year = {1973},
  month = {Jun},
  publisher = {American Physical Society},
  doi = {10.1103/PhysRevLett.30.1346},
  url = {https://link.aps.org/doi/10.1103/PhysRevLett.30.1346}
}
@article{Ellis:1991qj,
      author         = "Ellis, R. Keith and Stirling, W. James and Webber, B. R.",
      title          = "{QCD and collider physics}",
      journal        = "Camb. Monogr. Part. Phys. Nucl. Phys. Cosmol.",
      volume         = "8",
      year           = "1996",
      pages          = "1-435",
      SLACcitation   = "%%CITATION = CMPCE,8,1;%%"
}

%%% SM / EWK cites
@article{SMEWK1,
      author         = "Glashow, S. L.",
      title          = "{Partial Symmetries of Weak Interactions}",
      journal        = "Nucl. Phys.",
      volume         = "22",
      year           = "1961",
      pages          = "579-588",
      doi            = "10.1016/0029-5582(61)90469-2",
      SLACcitation   = "%%CITATION = NUPHA,22,579;%%"
}
@article{SMEWK2,
  title = {A Model of Leptons},
  author = {Weinberg, Steven},
  journal = {Phys. Rev. Lett.},
  volume = {19},
  issue = {21},
  pages = {1264--1266},
  numpages = {0},
  year = {1967},
  month = {Nov},
  publisher = {American Physical Society},
  doi = {10.1103/PhysRevLett.19.1264},
  url = {https://link.aps.org/doi/10.1103/PhysRevLett.19.1264}
}
@article{SMEWK3,
  title = {Weak Interactions with Lepton-Hadron Symmetry},
  author = {Glashow, S. L. and Iliopoulos, J. and Maiani, L.},
  journal = {Phys. Rev. D},
  volume = {2},
  issue = {7},
  pages = {1285--1292},
  numpages = {0},
  year = {1970},
  month = {Oct},
  publisher = {American Physical Society},
  doi = {10.1103/PhysRevD.2.1285},
  url = {https://link.aps.org/doi/10.1103/PhysRevD.2.1285}
}

%% CKM
@article{ckm1,
  title = {Unitary Symmetry and Leptonic Decays},
  author = {Cabibbo, Nicola},
  journal = {Phys. Rev. Lett.},
  volume = {10},
  issue = {12},
  pages = {531--533},
  numpages = {0},
  year = {1963},
  month = {Jun},
  publisher = {American Physical Society},
  doi = {10.1103/PhysRevLett.10.531},
  url = {https://link.aps.org/doi/10.1103/PhysRevLett.10.531}
}

@article{ckm2,
    author = {Kobayashi, Makoto and Maskawa, Toshihide},
    title = "{CP-Violation in the Renormalizable Theory of Weak Interaction}",
    journal = {Progress of Theoretical Physics},
    volume = {49},
    number = {2},
    pages = {652-657},
    year = {1973},
    month = {02},
    abstract = "{In a framework of the renormalizable theory of weak interaction, problems of CP-violation are studied. It is concluded that no realistic models of CP-violation exist in the quartet scheme without introducing any other new fields. Some possible models of CP-violation are also discussed.}",
    issn = {0033-068X},
    doi = {10.1143/PTP.49.652},
    url = {https://doi.org/10.1143/PTP.49.652},
    eprint = {http://oup.prod.sis.lan/ptp/article-pdf/49/2/652/5257692/49-2-652.pdf},
}




%%% EWSB
@article{ewsb1,
  title = {Broken Symmetry and the Mass of Gauge Vector Mesons},
  author = {Englert, F. and Brout, R.},
  journal = {Phys. Rev. Lett.},
  volume = {13},
  issue = {9},
  pages = {321--323},
  numpages = {0},
  year = {1964},
  month = {Aug},
  publisher = {American Physical Society},
  doi = {10.1103/PhysRevLett.13.321},
  url = {https://link.aps.org/doi/10.1103/PhysRevLett.13.321}
}
@article{ewsb2,
  title = {Broken Symmetries and the Masses of Gauge Bosons},
  author = {Higgs, Peter W.},
  journal = {Phys. Rev. Lett.},
  volume = {13},
  issue = {16},
  pages = {508--509},
  numpages = {0},
  year = {1964},
  month = {Oct},
  publisher = {American Physical Society},
  doi = {10.1103/PhysRevLett.13.508},
  url = {https://link.aps.org/doi/10.1103/PhysRevLett.13.508}
}
@article{ewsb3,
  title = {Global Conservation Laws and Massless Particles},
  author = {Guralnik, G. S. and Hagen, C. R. and Kibble, T. W. B.},
  journal = {Phys. Rev. Lett.},
  volume = {13},
  issue = {20},
  pages = {585--587},
  numpages = {0},
  year = {1964},
  month = {Nov},
  publisher = {American Physical Society},
  doi = {10.1103/PhysRevLett.13.585},
  url = {https://link.aps.org/doi/10.1103/PhysRevLett.13.585}
}





%% neutron edm cp
@article{PhysRevLett.97.131801,
  title = {Improved Experimental Limit on the Electric Dipole Moment of the Neutron},
  author = {Baker, C. A. and Doyle, D. D. and Geltenbort, P. and Green, K. and van der Grinten, M. G. D. and Harris, P. G. and Iaydjiev, P. and Ivanov, S. N. and May, D. J. R. and Pendlebury, J. M. and Richardson, J. D. and Shiers, D. and Smith, K. F.},
  journal = {Phys. Rev. Lett.},
  volume = {97},
  issue = {13},
  pages = {131801},
  numpages = {4},
  year = {2006},
  month = {Sep},
  publisher = {American Physical Society},
  doi = {10.1103/PhysRevLett.97.131801},
  url = {https://link.aps.org/doi/10.1103/PhysRevLett.97.131801}
}

@article{Alwall:2014hca,
      author         = "Alwall, J. and Frederix, R. and Frixione, S. and Hirschi,
                        V. and Maltoni, F. and Mattelaer, O. and Shao, H. -S. and
                        Stelzer, T. and Torrielli, P. and Zaro, M.",
      title          = "{The automated computation of tree-level and
                        next-to-leading order differential cross sections, and
                        their matching to parton shower simulations}",
      journal        = "JHEP",
      volume         = "07",
      year           = "2014",
      pages          = "079",
      doi            = "10.1007/JHEP07(2014)079",
      eprint         = "1405.0301",
      archivePrefix  = "arXiv",
      primaryClass   = "hep-ph",
      reportNumber   = "CERN-PH-TH-2014-064, CP3-14-18, LPN14-066, MCNET-14-09,
                        ZU-TH-14-14",
      SLACcitation   = "%%CITATION = ARXIV:1405.0301;%%"
}
%% GEANT4
@Article{Agostinelli:2002hh,
      author         = "S. Agostinelli and others",
      title          = "{\GEANTfour}---A Simulation toolkit",
      collaboration  = "GEANT4",
      journal        = "Nucl. Instrum. Meth. A",
      volume         = "506",
      pages          = "250",
      doi            = "10.1016/S0168-9002(03)01368-8",
      year           = "2003",
}

%% nnpdf
@article{Ball:2017nwa,
      author         = "Ball, Richard D. and others",
      title          = "{Parton distributions from high-precision collider data}",
      collaboration  = "NNPDF",
      journal        = "Eur. Phys. J. C",
      volume         = "77",
      year           = "2017",
      number         = "10",
      pages          = "663",
      doi            = "10.1140/epjc/s10052-017-5199-5",
      eprint         = "1706.00428",
      archivePrefix  = "arXiv",
      primaryClass   = "hep-ph",
      reportNumber   = "CAVENDISH-HEP-17-06, CERN-TH-2017-077, EDINBURGH-2017-08,
                        NIKHEF-2017-006, OUTP-17-04P, TIF-UNIMI-2017-3",
      SLACcitation   = "%%CITATION = ARXIV:1706.00428;%%"
}

%% powheg
@article{Alioli:2008gx,
      author         = "Alioli, Simone and Nason, Paolo and Oleari, Carlo and Re,
                        Emanuele",
      title          = "{NLO} vector-boson production matched with shower in {POWHEG}",
      journal        = "JHEP",
      volume         = "07",
      pages          = "060",
      doi            = "10.1088/1126-6708/2008/07/060",
      year           = "2008",
      eprint         = "0805.4802",
      archivePrefix  = "arXiv",
      primaryClass   = "hep-ph",
      reportNumber   = "NSF-KITP-08-74",
      SLACcitation   = "%%CITATION = ARXIV:0805.4802;%%",
}

%% powheg
@Article{Frixione:2007vw,
     author    = "Frixione, Stefano and Nason, Paolo and Oleari, Carlo",
     title     = "{Matching NLO QCD computations with parton shower
                  simulations: the POWHEG method}",
     journal   = "JHEP",
     volume    = "11",
     year      = "2007",
     pages     = "070",
     eprint    = "0709.2092",
     archivePrefix = "arXiv",
     primaryClass  =  "hep-ph",
     doi       = "10.1088/1126-6708/2007/11/070",
     SLACcitation  = "%%CITATION = 0709.2092;%%"
}

%% powheg
@Article{powheg:2010,
     author    = "Alioli, S. and Nason, P. and Oleari, C. and Re, E. ",
     title     = "{A General Framework for Implementing NLO Calculations in Shower Monte Carlo Programs: the POWHEG BOX}",
     journal   = "JHEP",
     volume    = "06",
     year      = "2010",
     pages     = "043",
     eprint    = "1007.3893",
     archivePrefix = "arXiv",
     primaryClass  =  "hep-ph",
     doi       = "10.1007/JHEP06(2010)043",
     SLACcitation  = "%%CITATION = 0709.2092;%%"
}

%% powheg
@article{Alioli:2010xd,
      author         = "Alioli, Simone and Nason, Paolo and Oleari, Carlo and Re,
                        Emanuele",
      title          = "{A general framework for implementing NLO calculations in
                        shower Monte Carlo programs: the POWHEG BOX}",
      journal        = "JHEP",
      volume         = "1006",
      pages          = "043",
      doi            = "10.1007/JHEP06(2010)043",
      year           = "2010",
      eprint         = "1002.2581",
      archivePrefix  = "arXiv",
      primaryClass   = "hep-ph",
      reportNumber   = "DESY-10-018, SFB-CPP-10-22, IPPP-10-11, DCPT-10-22",
      SLACcitation   = "%%CITATION = ARXIV:1002.2581;%%",
}

%% minlo
@article{Hamilton:2012rf,
      author         = "Hamilton, Keith and Nason, Paolo and Oleari, Carlo and
                        Zanderighi, Giulia",
      title          = "{Merging H/W/Z + 0 and 1 jet at NLO with no merging
                        scale: a path to parton shower + NNLO matching}",
      journal        = "JHEP",
      volume         = "05",
      year           = "2013",
      pages          = "082",
      doi            = "10.1007/JHEP05(2013)082",
      eprint         = "1212.4504",
      archivePrefix  = "arXiv",
      primaryClass   = "hep-ph",
      reportNumber   = "CERN-PH-TH-2012-356",
      SLACcitation   = "%%CITATION = ARXIV:1212.4504;%%"
}

%% CP5 tune
@article{Sirunyan:2019dfx,
      author         = "Sirunyan, Albert M and others",
      title          = "{Extraction and validation of a new set of CMS \PYTHIA~8
                        tunes from underlying-event measurements}",
      collaboration  = "CMS",
      journal        = "Eur. Phys. J. C",
      volume         = "80",
      year           = "2020",
      number         = "1",
      pages          = "4",
      doi            = "10.1140/epjc/s10052-019-7499-4",
      eprint         = "1903.12179",
      archivePrefix  = "arXiv",
      primaryClass   = "hep-ex",
      reportNumber   = "CMS-GEN-17-001, CERN-EP-2019-007",
      SLACcitation   = "%%CITATION = ARXIV:1903.12179;%%"
}

%% Pythia8.2
@article{Sjostrand:2014zea,
      author         = "Sjöstrand, Torbjörn and Ask, Stefan and Christiansen,
                        Jesper R. and Corke, Richard and Desai, Nishita and Ilten,
                        Philip and Mrenna, Stephen and Prestel, Stefan and
                        Rasmussen, Christine O. and Skands, Peter Z.",
      title          = "{An Introduction to PYTHIA 8.2}",
      journal        = "Comput. Phys. Commun.",
      volume         = "191",
      year           = "2015",
      pages          = "159-177",
      doi            = "10.1016/j.cpc.2015.01.024",
      eprint         = "1410.3012",
      archivePrefix  = "arXiv",
      primaryClass   = "hep-ph",
      reportNumber   = "LU-TP-14-36, MCNET-14-22, CERN-PH-TH-2014-190,
                        FERMILAB-PUB-14-316-CD, DESY-14-178, SLAC-PUB-16122",
      SLACcitation   = "%%CITATION = ARXIV:1410.3012;%%"
}

%% nnlo
@article{Anastasiou:2003ds,
      author         = "Anastasiou, Charalampos and Dixon, Lance J. and Melnikov,
                        Kirill and Petriello, Frank",
      title          = "{High precision QCD at hadron colliders: Electroweak
                        gauge boson rapidity distributions at NNLO}",
      journal        = "Phys. Rev.",
      volume         = "D69",
      year           = "2004",
      pages          = "094008",
      doi            = "10.1103/PhysRevD.69.094008",
      eprint         = "hep-ph/0312266",
      archivePrefix  = "arXiv",
      primaryClass   = "hep-ph", 
      reportNumber   = "SLAC-PUB-10288, UH-511-1042-03",
      SLACcitation   = "%%CITATION = HEP-PH/0312266;%%"
}

%%% PDG, used in the plot in SM chapter
@article{PhysRevD.98.030001,
  title = {Review of Particle Physics},
  author = {M. Tanabashi et al.},
  collaboration = {Particle Data Group},
  journal = {Phys. Rev. D},
  volume = {98},
  issue = {3},
  pages = {030001},
  numpages = {1898},
  year = {2018},
  month = {Aug},
  publisher = {American Physical Society},
  doi = {10.1103/PhysRevD.98.030001},
  url = {https://link.aps.org/doi/10.1103/PhysRevD.98.030001}
}

%% evt generator diagram
@article{Dobbs:2001ck,
      author         = "Dobbs, Matt and Hansen, Jorgen Beck",
      title          = "{The HepMC C++ Monte Carlo event record for High Energy
                        Physics}",
      journal        = "Comput. Phys. Commun.",
      volume         = "134",
      year           = "2001",
      pages          = "41-46",
      doi            = "10.1016/S0010-4655(00)00189-2",
      reportNumber   = "ATL-SOFT-2000-001",
      SLACcitation   = "%%CITATION = CPHCB,134,41;%%"
}

%% dlgap
@article{Gribov:1972ri,
      author         = "Gribov, V. N. and Lipatov, L. N.",
      title          = "{Deep inelastic e p scattering in perturbation theory}",
      journal        = "Sov. J. Nucl. Phys.",
      volume         = "15",
      year           = "1972",
      pages          = "438-450",
      note           = "[Yad. Fiz.15,781(1972)]",
      reportNumber   = "IPTI-381-71",
      SLACcitation   = "%%CITATION = SJNCA,15,438;%%"
}
@article{Dokshitzer:1977sg,
      author         = "Dokshitzer, Yuri L.",
      title          = "{Calculation of the Structure Functions for Deep
                        Inelastic Scattering and e+ e- Annihilation by
                        Perturbation Theory in Quantum Chromodynamics.}",
      journal        = "Sov. Phys. JETP",
      volume         = "46",
      year           = "1977",
      pages          = "641-653",
      note           = "[Zh. Eksp. Teor. Fiz.73,1216(1977)]",
      SLACcitation   = "%%CITATION = SPHJA,46,641;%%"
}

%% CMS Tracker TDR
@book{Karimaki:368412,
      author        = "Karimäki, V and Mannelli, M and Siegrist, P and Breuker,
                       H and Caner, A and Castaldi, R and Freudenreich, K and
                       Hall, G and Horisberger, R and Huhtinen, M and Cattai, A",
      title         = "{The CMS tracker system project: Technical Design Report}",
      publisher     = "CERN",
      collaboration = "CMS Collaboration",
      address       = "Geneva",
      series        = "Technical Design Report CMS",
      year          = "1997",
      reportNumber  = "CERN-LHCC-98-006",
      url           = "https://cds.cern.ch/record/368412",
}

%%% CMS ECAL TDR
@book{CERN-LHCC-97-033,
      author        = "CMS Collaboration",
      title         = "{The CMS electromagnetic calorimeter project: Technical
                       Design Report}",
      publisher     = "CERN",
      collaboration = "CMS Collaboration",
      address       = "Geneva",
      series        = "Technical Design Report CMS",
      year          = "1997",
      reportNumber  = "CERN-LHCC-97-033",
      url           = "https://cds.cern.ch/record/349375",
}

%% CMS HCAL TDR
@book{CERN-LHCC-97-031,
      author        = "CMS Collaboration",
      title         = "{The CMS hadron calorimeter project: Technical Design
                       Report}",
      publisher     = "CERN",
      collaboration = "CMS Collaboration",
      autho         = "CMS Collaboration",
      address       = "Geneva",
      series        = "Technical Design Report CMS",
      year          = "1997",
      reportNumber  = "CERN-LHCC-97-031",
      url           = "https://cds.cern.ch/record/357153"
}

%% cms tdr
@article{Bayatian:2006nff,
      author         = "Bayatian, G. L. and others",
      title          = "{CMS Physics}",
      collaboration  = "CMS",
      year           = "2006",
      reportNumber   = "CERN-LHCC-2006-001, CMS-TDR-8-1",
      SLACcitation   = "%%CITATION = CERN-LHCC-2006-001;%%"
}
@article{Ball:2007zza,
      author         = "Bayatian, G. L. and others",
      title          = "{CMS technical design report, volume II: Physics
                        performance}",
      collaboration  = "CMS",
      journal        = "J. Phys.",
      volume         = "G34",
      year           = "2007",
      number         = "6",
      pages          = "995-1579",
      doi            = "10.1088/0954-3899/34/6/S01",
      reportNumber   = "CERN-LHCC-2006-021, CMS-TDR-008-2",
      SLACcitation   = "%%CITATION = JPAGA,G34,995;%%"
}

%% CMS Muons TDR

%% CMS Particle Flow & Reconstruction
@article{Sirunyan_2017,
	doi = {10.1088/1748-0221/12/10/p10003},
	url = {https://doi.org/10.1088%2F1748-0221%2F12%2F10%2Fp10003},
	year = 2017,
	month = {oct},
	publisher = {{IOP} Publishing},
	volume = {12},
	number = {10},
	pages = {P10003--P10003},
	author = {CMS Collaboration},
	title = {Particle-flow reconstruction and global event description with the {CMS} detector},
	journal = {Journal of Instrumentation},
}

%% CMS SM Measurement at 7 TeV
@article{CMS_SM_7TeV,
      author         = "Chatrchyan, Serguei and others",
      title          = "{Measurement of the Inclusive $W$ and $Z$ Production
                        Cross Sections in $pp$ Collisions at $\sqrt{s}=7$ TeV}",
      collaboration  = "CMS",
      journal        = "JHEP",
      volume         = "10",
      year           = "2011",
      pages          = "132",
      doi            = "10.1007/JHEP10(2011)132",
      eprint         = "1107.4789",
      archivePrefix  = "arXiv",
      primaryClass   = "hep-ex",
      reportNumber   = "CERN-PH-EP-2011-107, CMS-EWK-10-005",
      SLACcitation   = "%%CITATION = ARXIV:1107.4789;%%"
}
%% CMS 8 TeV
@article{CMS_SM_8TeV,
      author         = "Chatrchyan, Serguei and others",
      title          = "{Measurement of inclusive W and Z boson production cross
                        sections in pp collisions at $\sqrt{s}$ = 8 TeV}",
      collaboration  = "CMS",
      journal        = "Phys. Rev. Lett.",
      volume         = "112",
      year           = "2014",
      pages          = "191802",
      doi            = "10.1103/PhysRevLett.112.191802",
      eprint         = "1402.0923",
      archivePrefix  = "arXiv",
      primaryClass   = "hep-ex",
      reportNumber   = "CMS-SMP-12-011, CERN-PH-EP-2013-217",
      SLACcitation   = "%%CITATION = ARXIV:1402.0923;%%"
}
%% CDF SM 
@article{CDF_SM_2TeV,
      author         = "Abulencia, A. and others",
      title          = "{Measurements of inclusive W and Z cross sections in p
                        anti-p collisions at s**(1/2) = 1.96-TeV}",
      collaboration  = "CDF",
      journal        = "J. Phys.",
      volume         = "G34",
      year           = "2007",
      pages          = "2457-2544",
      doi            = "10.1088/0954-3899/34/12/001",
      eprint         = "hep-ex/0508029",
      archivePrefix  = "arXiv",
      primaryClass   = "hep-ex",
      reportNumber   = "FERMILAB-PUB-05-360-E",
      SLACcitation   = "%%CITATION = HEP-EX/0508029;%%"
}

%% UA1
@article{UA1_Z,
      author         = "Arnison, G. and others",
      title          = "{Experimental Observation of Lepton Pairs of Invariant
                        Mass Around 95-GeV/c**2 at the CERN SPS Collider}",
      booktitle      = "{30 years of weak neutral currents}",
      collaboration  = "UA1",
      journal        = "Phys. Lett.",
      volume         = "B126",
      year           = "1983",
      pages          = "398-410",
      doi            = "10.1016/0370-2693(83)90188-0",
      note           = "[,7.55(1983)]",
      reportNumber   = "CERN-EP-83-73",
      SLACcitation   = "%%CITATION = PHLTA,B126,398;%%"
}
@article{ARNISON1983103,
    title = "Experimental observation of isolated large transverse energy electrons with associated missing energy at s=540 GeV",
    journal = "Physics Letters B",
    volume = "122",
    number = "1",
    pages = "103 - 116",
    year = "1983",
    issn = "0370-2693",
    doi = "https://doi.org/10.1016/0370-2693(83)91177-2",
    url = "http://www.sciencedirect.com/science/article/pii/0370269383911772",
    author = "G. Arnison et. al."
}

%% UA2
@article{UA2_Z,
      author         = "Bagnaia, P. and others",
      title          = "{Evidence for Z0 ---> e+ e- at the CERN anti-p p
                        Collider}",
      collaboration  = "UA2",
      journal        = "Phys. Lett.",
      volume         = "B129",
      year           = "1983",
      pages          = "130-140",
      doi            = "10.1016/0370-2693(83)90744-X",
      note           = "[,7.69(1983)]",
      reportNumber   = "CERN-EP-83-112",
      SLACcitation   = "%%CITATION = PHLTA,B129,130;%%"
}
@article{BANNER1983476,
    title = "Observation of single isolated electrons of high transverse momentum in events with missing transverse energy at the CERN pp collider",
    journal = "Physics Letters B",
    volume = "122",
    number = "5",
    pages = "476 - 485",
    year = "1983",
    issn = "0370-2693",
    doi = "https://doi.org/10.1016/0370-2693(83)91605-2",
    url = "http://www.sciencedirect.com/science/article/pii/0370269383916052",
    author = "M. Banner et. al."
}

%% Single boson production summary plot
@article{Gonzalez:1565034,
      author        = "Gonzalez, O.",
      title         = "{LHC Results Highlights (CLASHEP 2013)}",
      number        = "arXiv:1307.6992",
      pages         = "191-233. 43 p",
      month         = "Jul",
      year          = "2013",
      reportNumber  = "arXiv:1307.6992",
      url           = "http://cds.cern.ch/record/1565034",
      note          = "Comments: Lectures given at the 7th CERN-Latin-American
                       School of High-Energy Physics, Arequipa, Peru, March 2013.
                       Submitted for publication in a CERN Yellow Report",
}

%% CMS Tracker TDR
@book{Karimäki:368412,
      author        = "Karimäki, V and Mannelli, M and Siegrist, P and Breuker,
                       H and Caner, A and Castaldi, R and Freudenreich, K and
                       Hall, G and Horisberger, R and Huhtinen, M and Cattai, A",
      title         = "{The CMS tracker system project: Technical Design Report}",
      publisher     = "CERN",
      collaboration = "CMS Collaboration",
      address       = "Geneva",
      series        = "Technical Design Report CMS",
      year          = "1997",
      reportNumber  = "CERN-LHCC-98-006",
      url           = "https://cds.cern.ch/record/368412",
}

%% CMS Tracker image ref
@article{CMS_tracker_diagram,
author = {CMS Collaboration, The},
year = {2010},
month = {04},
pages = {1165-1192},
title = {CMS tracking performance results from early LHC operation},
volume = {70},
journal = {European Physical Journal C},
doi = {10.1140/epjc/s10052-010-1491-3}
}

%%% CMS ECAL diagrams
@article{Benaglia_2014,
	doi = {10.1088/1748-0221/9/02/c02008},
	url = {https://doi.org/10.1088\%2F1748-0221\%2F9\%2F02\%2Fc02008},
	year = 2014,
	month = {feb},
	publisher = {{IOP} Publishing},
	volume = {9},
	number = {02},
	pages = {C02008--C02008},
	author = {A Benaglia},
	title = {The {CMS} {ECAL} performance with examples},
	journal = {Journal of Instrumentation}
}
%% ecal testbeam resolution
@article{Adzic:2007mi,
      author         = "Adzic, P. and others",
      title          = "{Energy resolution of the barrel of the CMS
                        electromagnetic calorimeter}",
      journal        = "JINST",
      volume         = "2",
      year           = "2007",
      pages          = "P04004",
      doi            = "10.1088/1748-0221/2/04/P04004",
      reportNumber   = "CERN-CMS-NOTE-2006-148",
      SLACcitation   = "%%CITATION = JINST,2,P04004;%%"
}
%% ecal performance runii
@article{Cipriani:2018ule,
      author         = "Cipriani, Marco",
      title          = "{Performance of the CMS electromagnetic calorimeter
                        during the LHC Run II and its role in precision physics
                        measurements}",
      booktitle      = "{Proceedings, 6th Large Hadron Collider Physics
                        Conference (LHCP 2018): Bologna, Italy, June 4-9, 2018}",
      collaboration  = "CMS",
      journal        = "PoS",
      volume         = "LHCP2018",
      year           = "2018",
      pages          = "084",
      doi            = "10.22323/1.321.0084",
      reportNumber   = "CMS-CR-2018-162",
      SLACcitation   = "%%CITATION = POSCI,LHCP2018,084;%%"
}


%% CMS HCAL Performance Muons
@article{Chatrchyan:1223869,
      author        = "Chatrchyan, S et.al.",
      title         = "{Performance of CMS Hadron Calorimeter Timing and
                       Synchronization using Cosmic Ray and LHC Beam Data}",
      journal       = "JINST",
      collaboration = "CMS Collaboration",
      number        = "arXiv:0911.4877. CMS-CFT-09-018",
      volume        = "5",
      pages         = "T03013. 31 p",
      month         = "Nov",
      year          = "2009",
      reportNumber  = "arXiv:0911.4877",
      url           = "https://cds.cern.ch/record/1223869",
      doi           = "10.1088/1748-0221/5/03/T03013",
}
@article{Cavallari_2011,
	doi = {10.1088/1742-6596/293/1/012001},
	url = {https://doi.org/10.1088%2F1742-6596%2F293%2F1%2F012001},
	year = 2011,
	month = {apr},
	publisher = {{IOP} Publishing},
	volume = {293},
	pages = {012001},
	author = {Francesca Cavallari},
	title = {Performance of calorimeters at the {LHC}},
	journal = {Journal of Physics: Conference Series}
}

%% CMS Muons TDR
@manual{CMS:1997iti,
      author         = "CERN. Geneva. LHC Experiments Committee",
      title          = "{The CMS muon project}",
      collaboration  = "CMS",
      year           = "1997",
      reportNumber   = "CERN-LHCC-97-032, CMS-TDR-3",
      SLACcitation   = "%%CITATION = CERN-LHCC-97-032;%%"
}
 
%% other muon
@article{Chatrchyan:2013sba,
      author         = "Chatrchyan, Serguei and others",
      title          = "{The Performance of the CMS Muon Detector in
                        Proton-Proton Collisions at $\sqrt{s}$ = 7 TeV at the
                        LHC}",
      collaboration  = "CMS",
      journal        = "JINST",
      volume         = "8",
      year           = "2013",
      pages          = "P11002",
      doi            = "10.1088/1748-0221/8/11/P11002",
      eprint         = "1306.6905",
      archivePrefix  = "arXiv",
      primaryClass   = "physics.ins-det",
      reportNumber   = "CMS-MUO-11-001, CERN-PH-EP-2013-072",
      SLACcitation   = "%%CITATION = ARXIV:1306.6905;%%"
}

%% CMS Particle Flow & Reconstruction
@article{CMS_PF,
	doi = {10.1088/1748-0221/12/10/p10003},
	url = {https://doi.org/10.1088%2F1748-0221%2F12%2F10%2Fp10003},
	year = 2017,
	month = {oct},
	publisher = {{IOP} Publishing},
	volume = {12},
	number = {10},
	pages = {P10003--P10003},
	author = {CMS Collaboration},
	title = {Particle-flow reconstruction and global event description with the {CMS} detector},
	journal = {Journal of Instrumentation},
}
%LHC 1
@manual{Bruning:2004ej,
      author         = "Bruning, Oliver S. and Collier, P. and Lebrun, P. and
                        Myers, S. and Ostojic, R. and Poole, J. and Proudlock, P.",
      title          = "{LHC Design Report Vol.1: The LHC Main Ring}",
      year           = "2004",
      journal        = "",
      reportNumber   = "CERN-2004-003-V1, CERN-2004-003, CERN-2004-003-V-1",
      SLACcitation   = "%%CITATION = CERN-2004-003-V1;%%"
}
% LHC 3
@manual{Benedikt:2004wm,
      author         = "Benedikt, M. and Collier, P. and Mertens, V. and Poole,
                        J. and Schindl, K.",
      title          = "{LHC Design Report. 3. The LHC injector chain}",
      year           = "2004",
      reportNumber   = "CERN-2004-003-V-3, CERN-2004-003",
      journal        = "",
      SLACcitation   = "%%CITATION = CERN-2004-003-V-3;%%"
      
}
%% LHC Accelerators Cartoon
@misc{LHC_Accel_Cartoon,
      author        = "Haffner, Julie",
      title         = "{The CERN accelerator complex. Complexe des
                       accélérateurs du CERN}",
      month         = "Oct",
      year          = "2013",
      reportNumber  = "OPEN-PHO-ACCEL-2013-056",
      url           = "https://cds.cern.ch/record/1621894",
      note          = "General Photo",
}

%% LHC Dipole Cartoon
@misc{Team:40524,
      author        = "AC Team",
      title         = "{Diagram of an LHC dipole magnet. Schéma d'un aimant
                       dipôle du LHC}",
      month         = "Jun",
      year          = "1999",
      reportNumber  = "CERN-DI-9906025",
      url           = "https://cds.cern.ch/record/40524",
}

%% Lumi
@techreport{Lujan:2647819,
      author        = "Lujan, Paul Joseph",
      title         = "{Van der Meer calibration of the CMS luminosity detectors
                       in 2017}",
      institution   = "CERN",
      collaboration = "CMS Collaboration",
      address       = "Geneva",
      number        = "CMS-CR-2018-339",
      month         = "Nov",
      year          = "2018",
      reportNumber  = "CMS-CR-2018-339",
      url           = "https://cds.cern.ch/record/2647819",
}
% Lumi
@misc{CMS:2018elu,
      author         = "CMS Collaboration",
      title          = "{CMS luminosity measurement for the 2017 data-taking
                        period at $\sqrt{s} = 13~\mathrm{TeV}$}",
      collaboration  = "CMS",
      year           = "2018",
      reportNumber   = "CMS-PAS-LUM-17-004",
      SLACcitation   = "%%CITATION = CMS-PAS-LUM-17-004;%%"
}
%VdM
@article{Balagura:2011yw,
      author         = "Balagura, Vladislav",
      title          = "{Notes on van der Meer Scan for Absolute Luminosity
                        Measurement}",
      journal        = "Nucl. Instrum. Meth.",
      volume         = "A654",
      year           = "2011",
      pages          = "634-638",
      doi            = "10.1016/j.nima.2011.06.007",
      eprint         = "1103.1129",
      archivePrefix  = "arXiv",
      primaryClass   = "physics.ins-det",
      SLACcitation   = "%%CITATION = ARXIV:1103.1129;%%"
}
%% VdM
@manual{vanderMeer:1968zz,
      author         = "van der Meer, S.",
      title          = "{Calibration of the Effective Beam Height in the ISR}",
      year           = "1968",
      reportNumber   = "CERN-ISR-PO-68-31",
      SLACcitation   = "%%CITATION = CERN-ISR-PO-68-31;%%"
}

%% trigger system
@article{Khachatryan:2016bia,
      author         = "Khachatryan, Vardan and others",
      title          = "{The CMS trigger system}",
      collaboration  = "CMS",
      journal        = "JINST",
      volume         = "12",
      year           = "2017",
      number         = "01",
      pages          = "P01020",
      doi            = "10.1088/1748-0221/12/01/P01020",
      eprint         = "1609.02366",
      archivePrefix  = "arXiv",
      primaryClass   = "physics.ins-det",
      reportNumber   = "CMS-TRG-12-001, CERN-EP-2016-160",
      SLACcitation   = "%%CITATION = ARXIV:1609.02366;%%"
}
%% img
@article{Cadamuro:2017slr,
      author         = "Cadamuro, L.",
      title          = "{The CMS Level-1 trigger system for LHC Run II}",
      booktitle      = "{Proceedings, 14th Topical Seminar on Innovative Particle
                        and Radiation Detectors (IPRD16): Siena, Italy, October
                        3-6, 2016}",
      collaboration  = "CMS",
      journal        = "JINST",
      volume         = "12",
      year           = "2017",
      number         = "03",
      pages          = "C03021",
      doi            = "10.1088/1748-0221/12/03/C03021",
      SLACcitation   = "%%CITATION = JINST,12,C03021;%%"
}

%% Trigger image
@article{l1_img,
author = {Brooke, James and Cussans, D and Frazier, Ricky and Heath, G and Machin, D and Newbold, D and Galagadera, S and Madani, Sadaf and Shah, Abid},
year = {2019},
month = {07},
pages = {},
title = {Hardware and Firmware for the CMS Global Calorimeter Trigger}
}

%% hlt
@article{Adam:2005zf,
      author         = "Adam, W. and others",
      title          = "{The CMS high level trigger}",
      collaboration  = "CMS Trigger and Data Acquisition Group",
      journal        = "Eur. Phys. J.",
      volume         = "C46",
      year           = "2006",
      pages          = "605-667",
      doi            = "10.1140/epjc/s2006-02495-8",
      eprint         = "hep-ex/0512077",
      archivePrefix  = "arXiv",
      primaryClass   = "hep-ex",
      SLACcitation   = "%%CITATION = HEP-EX/0512077;%%"
}
 %% HLT
@article{Perrotta:2015jyu,
      author         = "Perrotta, Andrea",
      title          = "{Performance of the CMS High Level Trigger}",
      booktitle      = "{Proceedings, 21st International Conference on Computing
                        in High Energy and Nuclear Physics (CHEP 2015): Okinawa,
                        Japan, April 13-17, 2015}",
      journal        = "J. Phys. Conf. Ser.",
      volume         = "664",
      year           = "2015",
      number         = "8",
      pages          = "082044",
      doi            = "10.1088/1742-6596/664/8/082044",
      SLACcitation   = "%%CITATION = 00462,664,082044;%%"
}

%% GEANT4
@article{AGOSTINELLI2003250,
title = "Geant4—a simulation toolkit",
journal = "Nuclear Instruments and Methods in Physics Research Section A: Accelerators, Spectrometers, Detectors and Associated Equipment",
volume = "506",
number = "3",
pages = "250 - 303",
year = "2003",
issn = "0168-9002",
doi = "https://doi.org/10.1016/S0168-9002(03)01368-8",
url = "http://www.sciencedirect.com/science/article/pii/S0168900203013688",
author = "S. Agostinelli et. al.",
keywords = "Simulation, Particle interactions, Geometrical modelling, Software engineering, Object-oriented technology, Distributed software development"
}

@article{ALLISON2016186,
title = "Recent developments in Geant4",
journal = "Nuclear Instruments and Methods in Physics Research Section A: Accelerators, Spectrometers, Detectors and Associated Equipment",
volume = "835",
pages = "186 - 225",
year = "2016",
issn = "0168-9002",
doi = "https://doi.org/10.1016/j.nima.2016.06.125",
url = "http://www.sciencedirect.com/science/article/pii/S0168900216306957",
author = "J. Allison et. al.",
keywords = "High energy physics, Nuclear physics, Radiation, Simulation, Computing"
}


%% Tracks
@article{Adam:2005cg,
      author         = "Adam, W. and Mangano, B. and Speer, T. and Todorov, T.",
      title          = "{Track reconstruction in the CMS tracker}",
      year           = "2005",
      journal        = ".",
      reportNumber   = "CERN-CMS-NOTE-2006-041, CMS-NOTE-2006-041",
      SLACcitation   = "%%CITATION = CERN-CMS-NOTE-2006-041;%%"
}

%% track and pv
@article{Chatrchyan:2014fea,
      author         = "Chatrchyan, Serguei and others",
      title          = "{Description and performance of track and primary-vertex
                        reconstruction with the CMS tracker}",
      collaboration  = "CMS",
      journal        = "JINST",
      volume         = "9",
      year           = "2014",
      number         = "10",
      pages          = "P10009",
      doi            = "10.1088/1748-0221/9/10/P10009",
      eprint         = "1405.6569",
      archivePrefix  = "arXiv",
      primaryClass   = "physics.ins-det",
      reportNumber   = "CMS-TRK-11-001, CERN-PH-EP-2014-070",
      SLACcitation   = "%%CITATION = ARXIV:1405.6569;%%"
}

%% deterministic annealing
@inproceedings{Chabanat:2005zz,
      author         = "Chabanat, E. and Estre, N.",
      title          = "{Deterministic annealing for vertex finding at CMS}",
      booktitle      = "{Computing in high energy physics and nuclear physics.
                        Proceedings, Conference, CHEP'04, Interlaken, Switzerland,
                        September 27-October 1, 2004}",
      url            = "http://doc.cern.ch/yellowrep/2005/2005-002/p287.pdf",
      year           = "2005",
      pages          = "287-290",
      SLACcitation   = "%%CITATION = INSPIRE-707291;%%"
}

%% Muon Performance 13 TeV
@article{Sirunyan:2018fpa,
      author         = "Sirunyan, A. M. and others",
      title          = "{Performance of the CMS muon detector and muon
                        reconstruction with proton-proton collisions at
                        $\sqrt{s}=$ 13 TeV}",
      collaboration  = "CMS",
      journal        = "JINST",
      volume         = "13",
      year           = "2018",
      number         = "06",
      pages          = "P06015",
      doi            = "10.1088/1748-0221/13/06/P06015",
      eprint         = "1804.04528",
      archivePrefix  = "arXiv",
      primaryClass   = "physics.ins-det",
      reportNumber   = "CMS-MUO-16-001, CERN-EP-2018-058",
      SLACcitation   = "%%CITATION = ARXIV:1804.04528;%%"
}

%% Electrons Reco 
@article{Baffioni:2006cd,
      author         = "Baffioni, S. and Charlot, C. and Ferri, F. and Futyan, D.
                        and Meridiani, P. and Puljak, I. and Rovelli, C. and
                        Salerno, R. and Sirois, Y.",
      title          = "{Electron reconstruction in CMS}",
      journal        = "Eur. Phys. J.",
      volume         = "C49",
      year           = "2007",
      pages          = "1099-1116",
      doi            = "10.1140/epjc/s10052-006-0175-5",
      reportNumber   = "CERN-CMS-NOTE-2006-040",
      SLACcitation   = "%%CITATION = EPHJA,C49,1099;%%"
}


%%%%   CMS L1 Muon Trigger
@article{Bortignon:2016zxu,
      author         = "Bortignon, P.",
      title          = "{Design and performance of the upgrade of the CMS L1 muon
                        trigger}",
      booktitle      = "{Proceedings, 13th Pisa Meeting on Advanced Detectors :
                        Frontier Detectors for Frontier Physics (FDFP 2015): La
                        Biodola, Isola d'Elba, Italy, May 24-30, 2015}",
      collaboration  = "CMS",
      journal        = "Nucl. Instrum. Meth.",
      volume         = "A824",
      year           = "2016",
      pages          = "256-257",
      doi            = "10.1016/j.nima.2015.11.065",
      SLACcitation   = "%%CITATION = NUIMA,A824,256;%%"
}

%% CMS L1 upgrade
@article{Bortignon:2016zxu,
      author         = "Bortignon, P.",
      title          = "{Design and performance of the upgrade of the CMS L1 muon
                        trigger}",
      booktitle      = "{Proceedings, 13th Pisa Meeting on Advanced Detectors :
                        Frontier Detectors for Frontier Physics (FDFP 2015): La
                        Biodola, Isola d'Elba, Italy, May 24-30, 2015}",
      collaboration  = "CMS",
      journal        = "Nucl. Instrum. Meth.",
      volume         = "A824",
      year           = "2016",
      pages          = "256-257",
      doi            = "10.1016/j.nima.2015.11.065",
      SLACcitation   = "%%CITATION = NUIMA,A824,256;%%"
}

%% PF
@article{CMS:2009nxa,
      title          = "{Particle-Flow Event Reconstruction in CMS and
                        Performance for Jets, Taus, and MET}",
      collaboration  = "CMS",
      year           = "2009",
      reportNumber   = "CMS-PAS-PFT-09-001",
      SLACcitation   = "%%CITATION = CMS-PAS-PFT-09-001;%%"
}

%% PF


%% ECAL PREFIRE
@MISC{LATHOMAS,
      author        = "Thomas, L.",
      title         = "{Preliminary 2017 G/H L1 Prefiring maps}",
      url           = "https://lathomas.web.cern.ch/lathomas/TSGStuff/L1Prefiring/PrefiringMaps_2017GandH/"
}

%% ele id
@MISC{EgammaIDIsoCuts,
      author        = "CMS Egamma POG",
      title         = "{Cut Based Electron ID for Run 2}",
      url           = "https://twiki.cern.ch/twiki/bin/viewauth/CMS/CutBasedElectronIdentificationRun2"
}

%% muon id
@MISC{MuonIDIsoCuts,
      author        = "CMS Muon POG",
      title         = "{Baseline muon selections for Run-II}",
      url           = "https://twiki.cern.ch/twiki/bin/viewauth/CMS/SWGuideMuonIdRun2"
}


%% lumi plot
@MISC{LumiCalibTwiki,
      author        = "CMS Luminosity POG",
      title         = "{CMS Luminosity---Public Results}",
      url           = "https://twiki.cern.ch/twiki/bin/view/CMSPublic/LumiPublicResults"
}

%% lumi plot
@MISC{LumiPOGNumbers,
      author        = "CMS Luminosity POG",
      title         = "{CMS Luminosity Twiki}",
      url           = "https://twiki.cern.ch/twiki/bin/view/CMS/TWikiLUM"
}

%% Electron energy scale corrections
@article{Khachatryan:2015iwa,
      author         = "Khachatryan, Vardan and others",
      title          = "{Performance of Photon Reconstruction and Identification
                        with the CMS Detector in Proton-Proton Collisions at
                        sqrt(s) = 8 TeV}",
      collaboration  = "CMS",
      journal        = "JINST",
      volume         = "10",
      year           = "2015",
      number         = "08",
      pages          = "P08010",
      doi            = "10.1088/1748-0221/10/08/P08010",
      eprint         = "1502.02702",
      archivePrefix  = "arXiv",
      primaryClass   = "physics.ins-det",
      reportNumber   = "CMS-EGM-14-001, CERN-PH-EP-2015-006",
      SLACcitation   = "%%CITATION = ARXIV:1502.02702;%%"
}

%%% Rochester Corrections 
@article{Bodek:2012id,
      author         = "Bodek, A. and van Dyne, A. and Han, J. Y. and Sakumoto,
                        W. and Strelnikov, A.",
      title          = "{Extracting Muon Momentum Scale Corrections for Hadron
                        Collider Experiments}",
      journal        = "Eur. Phys. J.",
      volume         = "C72",
      year           = "2012",
      pages          = "2194",
      doi            = "10.1140/epjc/s10052-012-2194-8",
      eprint         = "1208.3710",
      archivePrefix  = "arXiv",
      primaryClass   = "hep-ex",
      SLACcitation   = "%%CITATION = ARXIV:1208.3710;%%"
}


%% prior measurement ATLAS
@article{Aad:2019bdc,
      author         = "Aad, Georges and others",
      title          = "{Measurement of $\Wpm$-boson and $\Z$-boson production cross-sections in $\pp$ collisions at $\sqrt{s}=2.76$\TeV with the ATLAS detector}",
      collaboration  = "ATLAS",
      journal        = "Eur. Phys. J. C",
      volume         = "79",
      year           = "2019",
      number         = "11",
      pages          = "901",
      doi            = "10.1140/epjc/s10052-019-7399-7",
      eprint         = "1907.03567",
      archivePrefix  = "arXiv",
      primaryClass   = "hep-ex",
      reportNumber   = "CERN-EP-2019-095",
      SLACcitation   = "%%CITATION = ARXIV:1907.03567;%%"
}
%% prior measurement 
@article{Aaboud:2018nic,
      author         = "Aaboud, Morad and others",
      title          = "{Measurements of $\W$ and $\Z$ boson production in $\pp$
                        collisions at $\sqrt{s}=5.02$\TeV with the ATLAS
                        detector}",
      collaboration  = "ATLAS",
      journal        = "Eur. Phys. J. C",
      volume         = "79",
      year           = "2019",
      number         = "2",
      pages          = "128",
      doi            = "10.1140/epjc/s10052-019-6870-9,
                        10.1140/epjc/s10052-019-6622-x",
      note           = "[Erratum: Eur. Phys. J.C79,no.5,374(2019)]",
      eprint         = "1810.08424",
      archivePrefix  = "arXiv",
      primaryClass   = "hep-ex",
      reportNumber   = "CERN-EP-2018-259",
      SLACcitation   = "%%CITATION = ARXIV:1810.08424;%%"
}
%% prior measurement 
@article{Aaboud:2016btc,
      author         = "Aaboud, Morad and others",
      title          = "{Precision measurement and interpretation of inclusive
                        $W^+$ , $W^-$ and $\Z/\gamma ^*$ production cross sections
                        with the ATLAS detector}",
      collaboration  = "ATLAS",
      journal        = "Eur. Phys. J. C",
      volume         = "77",
      year           = "2017",
      number         = "6",
      pages          = "367",
      doi            = "10.1140/epjc/s10052-017-4911-9",
      eprint         = "1612.03016",
      archivePrefix  = "arXiv",
      primaryClass   = "hep-ex",
      reportNumber   = "CERN-EP-2016-272",
      SLACcitation   = "%%CITATION = ARXIV:1612.03016;%%"
}
%% prior measurement 
@article{CMS:2011aa,
      author         = "Chatrchyan, Serguei and others",
      title          = "{Measurement of the inclusive $W$ and $\Z$ production
                        cross sections in $\pp$ Collisions at $\sqrt{s}=7$\TeV}",
      collaboration  = "CMS",
      journal        = "JHEP",
      volume         = "10",
      year           = "2011",
      pages          = "132",
      doi            = "10.1007/JHEP10(2011)132",
      eprint         = "1107.4789",
      archivePrefix  = "arXiv",
      primaryClass   = "hep-ex",
      reportNumber   = "CERN-PH-EP-2011-107, CMS-EWK-10-005",
      SLACcitation   = "%%CITATION = ARXIV:1107.4789;%%"
}
%% prior measurement 
@article{Aaij:2014wba,
      author         = "Aaij, Roel and others",
      title          = "{Measurement of the forward $W$ boson cross-section in
                        $\pp$ collisions at $\sqrt{s} = 7$\TeV}",
      collaboration  = "LHCb",
      journal        = "JHEP",
      volume         = "12",
      year           = "2014",
      pages          = "079",
      doi            = "10.1007/JHEP12(2014)079",
      eprint         = "1408.4354",
      archivePrefix  = "arXiv",
      primaryClass   = "hep-ex",
      reportNumber   = "LHCB-PAPER-2014-033, CERN-PH-EP-2014-175",
      SLACcitation   = "%%CITATION = ARXIV:1408.4354;%%"
}
%% prior measurement 
@article{Aaij:2012mda,
      author         = "Aaij, R and others",
      title          = "{Measurement of the cross-section for $\Z \to e^+e^-$
                        production in $\pp$ collisions at $\sqrt{s}=7$\TeV}",
      collaboration  = "LHCb",
      journal        = "JHEP",
      volume         = "02",
      year           = "2013",
      pages          = "106",
      doi            = "10.1007/JHEP02(2013)106",
      eprint         = "1212.4620",
      archivePrefix  = "arXiv",
      primaryClass   = "hep-ex",
      reportNumber   = "CERN-PH-EP-2012-363, LHCB-PAPER-2012-036",
      SLACcitation   = "%%CITATION = ARXIV:1212.4620;%%"
}
%% prior measurement 
@article{Aaij:2015gna,
      author         = "Aaij, Roel and others",
      title          = "{Measurement of the forward $\Z$ boson production
                        cross-section in $\pp$ collisions at $\sqrt{s}=7$\TeV}",
      collaboration  = "LHCb",
      journal        = "JHEP",
      volume         = "08",
      year           = "2015",
      pages          = "039",
      doi            = "10.1007/JHEP08(2015)039",
      eprint         = "1505.07024",
      archivePrefix  = "arXiv",
      primaryClass   = "hep-ex",
      reportNumber   = "LHCB-PAPER-2015-001, CERN-PH-EP-2015-102",
      SLACcitation   = "%%CITATION = ARXIV:1505.07024;%%"
}
%% prior measurement 
@article{Aaij:2016qqz,
      author         = "Aaij, Roel and others",
      title          = "{Measurement of forward $W\to e\nu$ production in $\pp$
                        collisions at $\sqrt{s}=8$\TeV}",
      collaboration  = "LHCb",
      journal        = "JHEP",
      volume         = "10",
      year           = "2016",
      pages          = "030",
      doi            = "10.1007/JHEP10(2016)030",
      eprint         = "1608.01484",
      archivePrefix  = "arXiv",
      primaryClass   = "hep-ex",
      reportNumber   = "LHCB-PAPER-2016-024, CERN-EP-2016-179",
      SLACcitation   = "%%CITATION = ARXIV:1608.01484;%%"
}
%% prior measurement 
@article{Aaij:2016mgv,
      author         = "Aaij, Roel and others",
      title          = "{Measurement of the forward $\Z$ boson production
                        cross-section in pp collisions at $\sqrt{s} = 13$\TeV}",
      collaboration  = "LHCb",
      journal        = "JHEP",
      volume         = "09",
      year           = "2016",
      pages          = "136",
      doi            = "10.1007/JHEP09(2016)136",
      eprint         = "1607.06495",
      archivePrefix  = "arXiv",
      primaryClass   = "hep-ex",
      reportNumber   = "LHCB-PAPER-2016-021, CERN-EP-2016-170",
      SLACcitation   = "%%CITATION = ARXIV:1607.06495;%%"
}
%% prior measurement 
@article{Aaij:2015zlq,
      author         = "Aaij, Roel and others",
      title          = "{Measurement of forward $W$ and $\Z$ boson production in $\pp$
                        collisions at $\sqrt{s}=8$\TeV}",
      collaboration  = "LHCb",
      journal        = "JHEP",
      volume         = "01",
      year           = "2016",
      pages          = "155",
      doi            = "10.1007/JHEP01(2016)155",
      eprint         = "1511.08039",
      archivePrefix  = "arXiv",
      primaryClass   = "hep-ex",
      reportNumber   = "LHCB-PAPER-2015-049, CERN-PH-EP-2015-301",
      SLACcitation   = "%%CITATION = ARXIV:1511.08039;%%"
}
%% prior measurement 
@article{Chatrchyan:2014mua,
      author         = "Chatrchyan, Serguei and others",
      title          = "{Measurement of inclusive $W$ and $\Z$ boson production cross
                        sections in pp collisions at $\sqrt{s}$ = 8 TeV}",
      collaboration  = "CMS",
      journal        = "Phys. Rev. Lett.",
      volume         = "112",
      year           = "2014",
      pages          = "191802",
      doi            = "10.1103/PhysRevLett.112.191802",
      eprint         = "1402.0923",
      archivePrefix  = "arXiv",
      primaryClass   = "hep-ex",
      reportNumber   = "CMS-SMP-12-011, CERN-PH-EP-2013-217",
      SLACcitation   = "%%CITATION = ARXIV:1402.0923;%%"
}
%% prior measurement 
@article{Aad:2016naf,
      author         = "Aad, Georges and others",
      title          = "{Measurement of $W^{\pm}$ and $\Z$-boson production cross
                        sections in $\pp$ collisions at $\sqrt{s}=13$\TeV with the
                        ATLAS detector}",
      collaboration  = "ATLAS",
      journal        = "Phys. Lett. B",
      volume         = "759",
      year           = "2016",
      pages          = "601",
      doi            = "10.1016/j.physletb.2016.06.023",
      eprint         = "1603.09222",
      archivePrefix  = "arXiv",
      primaryClass   = "hep-ex",
      reportNumber   = "CERN-EP-2016-069",
      SLACcitation   = "%%CITATION = ARXIV:1603.09222;%%"
}

%% magnet
@article{Klyukhin:2011df,
      author         = "Klyukhin, V. I. and others",
      title          = "{The CMS Magnetic Field Map Performance}",
      booktitle      = "{Proceedings, 21st International Conference on Magnet
                        Technology (MT-21): Hefei, China, October 18-23, 2009}",
      journal        = "IEEE Trans. Appl. Supercond.",
      volume         = "20",
      year           = "2010",
      number         = "3",
      pages          = "152-155",
      doi            = "10.1109/TASC.2010.2041200",
      eprint         = "1110.0607",
      archivePrefix  = "arXiv",
      primaryClass   = "physics.ins-det",
      SLACcitation   = "%%CITATION = ARXIV:1110.0607;%%"
}
%% magnet
@article{Acquistapace:1997fm,
      author         = "Acquistapace, G. and others",
      title          = "{CMS, the magnet project: Technical design report}",
      collaboration  = "CMS",
      year           = "1997",
      reportNumber   = "CERN-LHCC-97-10",
      SLACcitation   = "%%CITATION = CERN-LHCC-97-10;%%"
}
% magnet image
@article{Chatrchyan:2009si,
      author         = "Chatrchyan, S and others",
      title          = "{Precise Mapping of the Magnetic Field in the CMS Barrel
                        Yoke using Cosmic Rays}",
      collaboration  = "CMS",
      journal        = "JINST",
      volume         = "5",
      year           = "2010",
      pages          = "T03021",
      doi            = "10.1088/1748-0221/5/03/T03021",
      eprint         = "0910.5530",
      archivePrefix  = "arXiv",
      primaryClass   = "physics.ins-det",
      reportNumber   = "CMS-CFT-09-015",
      SLACcitation   = "%%CITATION = ARXIV:0910.5530;%%"
}
%% Efficiency Uncertainty 
@article{Paterno:2004cb,
      author         = "Paterno, Marc",
      title          = "{Calculating efficiencies and their uncertainties}",
      doi            = "10.2172/15017262",
      journal        = "FNAL/CD/CEPA/SLD",
      year           = "2004",
      reportNumber   = "FERMILAB-TM-2286-CD",
      SLACcitation   = "%%CITATION = FERMILAB-TM-2286-CD;%%"
}